Data;Hora;Liquidação;Descrição;Valor (U$);Saldo da conta (U$)
30/11/2020;14:20;30/11/2020;Câmbio Instantâneo : R$99.62;18.05;18.05
30/11/2020;14:32;02/12/2020;Corretagem PYPL;-1.00;17.05
30/11/2020;14:32;02/12/2020;Compra de 0.047 PYPL a $ 212.14;-9.97;7.08
30/11/2020;14:32;02/12/2020;Compra de 0.0285 PYPL a $ 212.19;-6.05;1.03
30/11/2020;14:32;02/12/2020;Corretagem PYPL;-1.00;0.03
03/12/2020;17:15;04/12/2020;Câmbio Padrão : R$99.62;19.02;19.05
04/12/2020;11:33;08/12/2020;Corretagem SRC;-1.00;18.05
04/12/2020;11:33;08/12/2020;Compra de 0.4692 SRC a $ 38.27;-17.96;0.09
16/12/2020;10:05;16/12/2020;Câmbio Instantâneo : R$99.63;19.02;19.11
16/12/2020;11:34;18/12/2020;Compra de 0.2661 WPC a $ 71.47;-19.02;0.09
18/12/2020;11:33;18/12/2020;Câmbio Instantâneo : R$189.63;36.23;36.32
18/12/2020;11:48;22/12/2020;Compra de 0.515 NHI a $ 70.21;-36.16;0.16
21/12/2020;11:31;21/12/2020;Câmbio Instantâneo : R$159.05;30.03;30.19
21/12/2020;11:33;23/12/2020;Compra de 0.0204 T a $ 29.04;-0.59;29.60
21/12/2020;11:33;23/12/2020;Compra de 1 T a $ 29.04;-29.04;0.56
22/12/2020;14:05;22/12/2020;Câmbio Instantâneo : R$125.52;23.72;24.28
22/12/2020;14:07;24/12/2020;Compra de 0.1726 WPC a $ 69.82;-12.05;12.23
22/12/2020;14:07;24/12/2020;Compra de 0.306 SRC a $ 39.73;-12.16;0.07
22/12/2020;14:08;24/12/2020;Venda de 0.0755 PYPL a $ 240.9;18.19;18.26
22/12/2020;14:10;24/12/2020;Compra de 0.1568 T a $ 28.57;-4.48;13.78
22/12/2020;14:10;24/12/2020;Compra de 0.1127 SRC a $ 39.77;-4.48;9.30
22/12/2020;14:10;24/12/2020;Compra de 0.064 WPC a $ 69.76;-4.46;4.84
22/12/2020;14:11;24/12/2020;Compra de 0.1687 T a $ 28.57;-4.82;0.02
28/12/2020;09:16;28/12/2020;Câmbio Instantâneo : R$62.76;11.83;11.85
28/12/2020;11:47;30/12/2020;Corretagem OKE;-1.00;10.85
28/12/2020;11:47;30/12/2020;Compra de 0.2756 OKE a $ 38.92;-10.73;0.12
29/12/2020;11:36;29/12/2020;Câmbio Instantâneo : R$28.21;5.31;5.43
29/12/2020;11:40;31/12/2020;Compra de 0.114 OKE a $ 38.57;-4.40;1.03
29/12/2020;11:40;31/12/2020;Corretagem OKE;-1.00;0.03
19/01/2021;03:59;19/01/2021;Dividendos WPC. WPC dividend, $1.046/share;0.53;0.56
19/01/2021;03:59;19/01/2021;Retenção Impostos sobre Dividendos WPC. WPC tax, 30% withheld;-0.16;0.40
19/01/2021;03:59;19/01/2021;Dividendos SRC. SRC dividend, $0.625/share;0.55;0.95
19/01/2021;03:59;19/01/2021;Retenção Impostos sobre Dividendos SRC. SRC tax, 30% withheld;-0.17;0.78
27/01/2021;16:25;28/01/2021;Câmbio Padrão : R$47.04;8.54;9.32
28/01/2021;10:22;28/01/2021;Câmbio Instantâneo : R$39.51;7.08;16.40
28/01/2021;11:45;01/02/2021;Compra de 1 WES a $ 14.95;-14.95;1.45
28/01/2021;11:45;01/02/2021;Compra de 0.0555 WES a $ 14.95;-0.83;0.62
01/02/2021;05:59;01/02/2021;Dividendos NHI. NHI dividend, $1.1025/share;0.57;1.19
01/02/2021;05:59;01/02/2021;Retenção Impostos sobre Dividendos NHI. NHI tax, 30% withheld;-0.17;1.02
02/02/2021;03:45;02/02/2021;Dividendos T. T dividend, $0.52/share;0.70;1.72
02/02/2021;03:55;02/02/2021;Retenção Impostos sobre Dividendos T. T tax, 30% withheld;-0.21;1.51
02/02/2021;10:32;02/02/2021;Câmbio Instantâneo : R$498.11;90.07;91.58
02/02/2021;11:46;04/02/2021;Compra de 1 KO a $ 48.82;-48.82;42.76
02/02/2021;11:46;04/02/2021;Compra de 0.8677 KO a $ 48.82;-42.36;0.40
02/02/2021;11:59;04/02/2021;Venda de 0.8879 SRC a $ 39.01;34.64;35.04
02/02/2021;12:01;04/02/2021;Compra de 0.7633 XOM a $ 45.71;-34.89;0.15
04/02/2021;12:02;08/02/2021;Venda de 0.3896 OKE a $ 42.84;16.69;16.84
04/02/2021;12:03;08/02/2021;Compra de 0.6867 MPLX a $ 24.31;-16.69;0.15
05/02/2021;11:49;09/02/2021;Venda de 1 T a $ 28.97;28.97;29.12
05/02/2021;11:49;09/02/2021;Venda de 0.3459 T a $ 28.97;10.02;39.14
05/02/2021;12:01;09/02/2021;Venda de 1 WES a $ 16.2;16.20;55.34
05/02/2021;12:01;09/02/2021;Venda de 0.0555 WES a $ 16.2;0.90;56.24
05/02/2021;12:15;09/02/2021;Compra de 0.263 MCD a $ 212.13;-55.79;0.45
10/02/2021;11:45;12/02/2021;Venda de 0.7633 XOM a $ 51.39;39.23;39.68
10/02/2021;11:48;12/02/2021;Compra de 0.1445 FB a $ 272.17;-39.33;0.35
16/02/2021;02:28;16/02/2021;Dividendos MPLX. MPLX return-of-capital, $0.6875/share;0.47;0.82
16/02/2021;02:30;16/02/2021;Dividendos OKE. OKE dividend, $0.935/share;0.36;1.18
16/02/2021;02:30;16/02/2021;Retenção Impostos sobre Dividendos OKE. OKE tax, 30% withheld;-0.11;1.07
16/02/2021;02:30;16/02/2021;Dividendos WES. WES return-of-capital, $0.311/share;0.33;1.40
19/02/2021;16:58;23/02/2021;Venda de 1 KO a $ 50.1;50.10;51.50
19/02/2021;16:58;23/02/2021;Venda de 0.8677 KO a $ 50.1;43.47;94.97
19/02/2021;16:58;23/02/2021;Corretagem KO;-1.00;93.97
19/02/2021;16:59;23/02/2021;Venda de 0.263 MCD a $ 213.47;56.14;150.11
19/02/2021;16:59;23/02/2021;Corretagem MCD;-1.00;149.11
19/02/2021;16:59;23/02/2021;Corretagem FB;-1.00;148.11
19/02/2021;16:59;23/02/2021;Venda de 0.1445 FB a $ 261.52;37.79;185.90
19/02/2021;17:06;23/02/2021;Compra de 0.6841 IEP a $ 65.4;-44.74;141.16
19/02/2021;17:06;23/02/2021;Corretagem IEP;-1.00;140.16
19/02/2021;17:06;23/02/2021;Compra de 1 GLPI a $ 43.17;-43.17;96.99
19/02/2021;17:06;23/02/2021;Compra de 0.0367 GLPI a $ 43.17;-1.58;95.41
19/02/2021;17:06;23/02/2021;Corretagem GLPI;-1.00;94.41
19/02/2021;17:06;23/02/2021;Corretagem IIPR;-1.00;93.41
19/02/2021;17:06;23/02/2021;Compra de 0.2078 IIPR a $ 215.31;-44.74;48.67
19/02/2021;17:07;23/02/2021;Compra de 2 BPY a $ 17.87;-35.74;12.93
19/02/2021;17:07;23/02/2021;Corretagem BPY;-1.00;11.93
19/02/2021;17:07;23/02/2021;Compra de 0.6504 BPY a $ 17.87;-11.62;0.31
24/02/2021;10:11;24/02/2021;Câmbio Instantâneo : R$59.7;10.77;11.08
24/02/2021;11:32;26/02/2021;Compra de 0.9247 BRMK a $ 10.81;-10.00;1.08
24/02/2021;11:32;26/02/2021;Corretagem BRMK;-1.00;0.08
25/02/2021;13:14;25/02/2021;Câmbio Instantâneo : R$298.86;52.90;52.98
25/02/2021;13:20;01/03/2021;Compra de 1 ABR a $ 16.56;-16.56;36.42
25/02/2021;13:20;01/03/2021;Compra de 0.1128 ABR a $ 16.56;-1.87;34.55
25/02/2021;13:20;01/03/2021;Corretagem ABR;-1.00;33.55
25/02/2021;13:20;01/03/2021;Compra de 2 ABR a $ 16.56;-33.12;0.43
25/02/2021;14:50;26/02/2021;Câmbio Padrão : R$199.24;35.43;35.86
26/02/2021;11:54;02/03/2021;Compra de 0.4562 NEE a $ 75.02;-34.22;1.64
26/02/2021;11:54;02/03/2021;Corretagem NEE;-1.00;0.64
04/03/2021;13:58;08/03/2021;Venda de 0.515 NHI a $ 71.38;36.76;37.40
04/03/2021;13:59;08/03/2021;Venda de 0.6867 MPLX a $ 25.98;17.84;55.24
04/03/2021;14:05;08/03/2021;Compra de 0.6287 GLPI a $ 43.84;-27.56;27.68
04/03/2021;14:09;08/03/2021;Compra de 1 TSLX a $ 22.1;-22.10;5.58
04/03/2021;14:09;08/03/2021;Compra de 0.2485 TSLX a $ 22.1;-5.49;0.09
11/03/2021;02:35;11/03/2021;Dividendos XOM. XOM dividend, $0.87/share;0.66;0.75
11/03/2021;02:37;11/03/2021;Retenção Impostos sobre Dividendos XOM. XOM tax, 30% withheld;-0.20;0.55
15/03/2021;11:35;15/03/2021;Câmbio Instantâneo : R$49.81;8.62;9.17
15/03/2021;11:47;17/03/2021;Compra de 0.121 NEE a $ 75.59;-9.15;0.02
16/03/2021;02:06;16/03/2021;Dividendos BRMK. BRMK dividend, $0.07/share;0.06;0.08
16/03/2021;02:06;16/03/2021;Retenção Impostos sobre Dividendos BRMK. BRMK tax, 30% withheld;-0.02;0.06
22/03/2021;01:22;22/03/2021;Retenção Impostos sobre Dividendos ABR. ABR tax, 30% withheld;-0.31;-0.25
22/03/2021;01:22;22/03/2021;Dividendos ABR. ABR dividend, $0.33/share;1.03;0.78
24/03/2021;01:22;24/03/2021;Retenção Impostos sobre Dividendos GLPI. GLPI tax, 30% withheld;-0.32;0.46
24/03/2021;01:22;24/03/2021;Dividendos GLPI. GLPI dividend, $0.65/share;1.08;1.54
24/03/2021;10:50;26/03/2021;Compra de 0.1419 BRMK a $ 10.62;-1.51;0.03
26/03/2021;10:56;26/03/2021;Câmbio Instantâneo : R$18.02;3.09;3.12
26/03/2021;10:57;30/03/2021;Compra de 0.1495 TSLX a $ 20.71;-3.10;0.02
05/04/2021;11:27;07/04/2021;Venda de 0.0131 NEE a $ 77.04;1.01;1.03
05/04/2021;11:28;07/04/2021;Compra de 0.0181 IEP a $ 56.65;-1.03;-0.00
08/04/2021;04:32;08/04/2021;Dividendos BPY. BPY return-of-capital, $0.2386/share;0.63;0.63
08/04/2021;05:13;08/04/2021;Dividendos BPY. BPY dividend, $0.0252/share;0.07;0.70
08/04/2021;05:22;08/04/2021;Dividendos BPY. BPY dividend, $0.0677/share;0.18;0.88
09/04/2021;04:14;09/04/2021;Dividendos TSLX. TSLX dividend, $1.25/share;1.56;2.44
09/04/2021;04:27;09/04/2021;Retenção Impostos sobre Dividendos TSLX. TSLX tax, 30% withheld;-0.47;1.97
09/04/2021;11:44;13/04/2021;Compra de 0.1839 BRMK a $ 10.66;-1.96;0.01
09/04/2021;15:25;12/04/2021;Câmbio Padrão : R$149.43;25.84;25.85
12/04/2021;10:40;14/04/2021;Compra de 1 AGNC a $ 17.13;-17.13;8.72
12/04/2021;10:40;14/04/2021;Compra de 0.5077 AGNC a $ 17.13;-8.70;0.02
14/04/2021;14:37;16/04/2021;Venda de 0.0156 NEE a $ 78.97;1.23;1.25
14/04/2021;14:37;16/04/2021;Venda de 0.072 GLPI a $ 45.23;3.26;4.51
14/04/2021;14:37;16/04/2021;Compra de 0.2922 HMLP a $ 15.32;-4.48;0.03
16/04/2021;08:37;16/04/2021;Dividendos BRMK. BRMK dividend, $0.07/share;0.07;0.10
16/04/2021;09:11;16/04/2021;Retenção Impostos sobre Dividendos BRMK. BRMK tax, 30% withheld;-0.02;0.08
16/04/2021;09:12;16/04/2021;Dividendos IIPR. IIPR dividend, $1.32/share;0.27;0.35
16/04/2021;09:12;16/04/2021;Retenção Impostos sobre Dividendos IIPR. IIPR tax, 30% withheld;-0.08;0.27
16/04/2021;09:17;16/04/2021;Retenção Impostos sobre Dividendos TSLX. TSLX tax, 30% withheld;-0.15;0.12
16/04/2021;09:17;16/04/2021;Dividendos TSLX. TSLX dividend, $0.41/share;0.51;0.63
16/04/2021;09:18;16/04/2021;Dividendos WPC. WPC dividend, $1.048/share;0.53;1.16
16/04/2021;09:27;16/04/2021;Retenção Impostos sobre Dividendos WPC. WPC tax, 30% withheld;-0.16;1.00
20/04/2021;14:36;22/04/2021;Compra de 0.0672 PBFX a $ 14.32;-0.96;0.04
23/04/2021;11:16;27/04/2021;Venda de 0.0136 WPC a $ 73.52;1.00;1.04
23/04/2021;11:18;27/04/2021;Compra de 0.066 PBFX a $ 14.43;-0.95;0.09
29/04/2021;01:35;29/04/2021;Retenção Impostos sobre Dividendos IEP. IEP tax, 30% withheld;-0.41;-0.32
29/04/2021;01:40;29/04/2021;Dividendos IEP. IEP dividend, $2/share;1.37;1.05
03/05/2021;09:28;03/05/2021;Câmbio Instantâneo : R$2729.18;489.87;490.92
03/05/2021;10:36;05/05/2021;Compra de 0.3893 MSFT a $ 252.31;-98.22;392.70
03/05/2021;10:37;05/05/2021;Compra de 0.2152 AVGO a $ 458.02;-98.57;294.13
03/05/2021;10:38;05/05/2021;Compra de 0.633 JPM a $ 154.5;-97.80;196.33
03/05/2021;10:39;05/05/2021;Compra de 0.02827 AMZN a $ 3445.91;-97.42;98.91
03/05/2021;10:39;05/05/2021;Compra de 0.245 UNH a $ 402.61;-98.64;0.27
03/05/2021;16:03;05/05/2021;Venda de 0.5077 AGNC a $ 18.04;9.16;9.43
03/05/2021;16:03;05/05/2021;Venda de 1 AGNC a $ 18.04;18.04;27.47
03/05/2021;16:06;05/05/2021;Compra de 0.7745 PBFX a $ 15.44;-11.96;15.51
03/05/2021;16:06;05/05/2021;Compra de 1 PBFX a $ 15.44;-15.44;0.07
06/05/2021;10:26;06/05/2021;Câmbio Instantâneo : R$1034.16;189.39;189.46
06/05/2021;11:11;10/05/2021;Compra de 0.24213 ANTM a $ 391.15;-94.71;94.75
06/05/2021;11:18;10/05/2021;Compra de 0.52633 DIS a $ 180.02;-94.75;0.00
10/05/2021;10:37;10/05/2021;Câmbio Instantâneo : R$2689.79;502.42;502.42
10/05/2021;10:38;12/05/2021;Compra de 0.43408 V a $ 230.37;-100.00;402.42
10/05/2021;10:40;12/05/2021;Compra de 0.04284 GOOGL a $ 2311.33;-99.02;303.40
10/05/2021;10:40;12/05/2021;Corretagem GOOGL;-1.00;302.40
10/05/2021;10:42;12/05/2021;Corretagem FB;-1.00;301.40
10/05/2021;10:42;12/05/2021;Compra de 0.31843 FB a $ 310.93;-99.01;202.39
10/05/2021;10:42;12/05/2021;Corretagem CRM;-1.00;201.39
10/05/2021;10:42;12/05/2021;Compra de 0.46306 CRM a $ 213.77;-98.99;102.40
10/05/2021;10:45;12/05/2021;Corretagem AMGN;-1.00;101.40
10/05/2021;10:45;12/05/2021;Compra de 0.3857 AMGN a $ 256.65;-98.99;2.41
11/05/2021;06:30;11/05/2021;Retenção Impostos sobre Dividendos . ACCOUNT CONVERSION CASH;-0.14;2.27
11/05/2021;07:02;11/05/2021;Dividendos . ACCOUNT CONVERSION CASH;0.07;2.34
11/05/2021;11:11;11/05/2021;US Estorno Dividendos;-0.07;2.27
11/05/2021;11:21;11/05/2021;Estorno Impostos sobre Dividendos;0.14;2.41
20/05/2021;10:07;20/05/2021;AJUSTE Residual migração;0.32;2.73
28/05/2021;04:51;28/05/2021;Retenção Impostos sobre Dividendos PBFX. PBF LOGISTICS LP;-0.23;2.50
28/05/2021;04:51;28/05/2021;Dividendos PBFX. PBF LOGISTICS LP;0.57;3.07
01/06/2021;11:19;01/06/2021;Câmbio Instantâneo : R$697.35;131.94;135.01
01/06/2021;14:56;03/06/2021;Compra de 3.24831 BRMK a $ 10.39;-33.75;101.26
01/06/2021;14:57;03/06/2021;Venda de 4.49881 BRMK a $ 10.38;46.70;147.96
01/06/2021;14:58;03/06/2021;Venda de 0.7022 IEP a $ 55.76;39.15;187.11
01/06/2021;15:31;03/06/2021;Compra de 3.18783 ARCC a $ 19.57;-62.37;124.74
01/06/2021;15:37;03/06/2021;Compra de 0.90534 PGR a $ 99.41;-90.00;34.74
01/06/2021;15:40;03/06/2021;Compra de 1.59211 GOOD a $ 21.82;-34.74;0.00
02/06/2021;05:51;02/06/2021;Retenção Impostos sobre Dividendos ABR. ARBOR REALTY TRUST INC;-0.32;-0.32
02/06/2021;05:51;02/06/2021;Retenção Impostos sobre Dividendos V. VISA INC;-0.04;-0.36
02/06/2021;05:51;02/06/2021;Dividendos ABR. ARBOR REALTY TRUST INC;1.06;0.70
02/06/2021;05:51;02/06/2021;Dividendos V. VISA INC;0.14;0.84
09/06/2021;04:43;09/06/2021;Dividendos AMGN. AMGEN INC;0.68;1.52
09/06/2021;04:43;09/06/2021;Retenção Impostos sobre Dividendos AMGN. AMGEN INC;-0.20;1.32
11/06/2021;20:36;11/06/2021;Retenção Impostos sobre Dividendos . Dividends 06/11;-0.07;1.25
11/06/2021;20:36;11/06/2021;Dividendos . Dividends 06/11;0.22;1.47
15/06/2021;16:41;17/06/2021;Venda de 0.05025 CRM a $ 242.42;12.18;13.65
15/06/2021;16:44;17/06/2021;Venda de 0.0215 FB a $ 337.18;7.25;20.90
15/06/2021;16:46;17/06/2021;Venda de 0.53 GLPI a $ 47.37;25.11;46.01
15/06/2021;16:47;17/06/2021;Compra de 2.57474 HMLP a $ 17.87;-46.01;0.00
16/06/2021;04:28;16/06/2021;Retenção Impostos sobre Dividendos NEE. NEXTERA ENERGY INC;-0.06;-0.06
16/06/2021;04:28;16/06/2021;Dividendos BRMK. BROADMARK REALTY CAPITAL INC;0.09;0.03
16/06/2021;04:28;16/06/2021;Retenção Impostos sobre Dividendos BRMK. BROADMARK REALTY CAPITAL INC;-0.03;0.00
16/06/2021;04:28;16/06/2021;Dividendos NEE. NEXTERA ENERGY INC;0.21;0.21
26/06/2021;04:29;28/06/2021;Dividendos ANTM. ANTHEM INC;0.27;0.48
26/06/2021;04:29;28/06/2021;Retenção Impostos sobre Dividendos ANTM. ANTHEM INC;-0.08;0.40
26/06/2021;04:29;28/06/2021;Dividendos GLPI. GAMING & LEISURE PROPERTIES;1.07;1.47
26/06/2021;04:29;28/06/2021;Retenção Impostos sobre Dividendos GLPI. GAMING & LEISURE PROPERTIES;-0.32;1.15
30/06/2021;04:07;30/06/2021;Retenção Impostos sobre Dividendos UNH. UNITEDHEALTH GROUP INC;-0.11;1.04
30/06/2021;04:07;30/06/2021;Dividendos UNH. UNITEDHEALTH GROUP INC;0.36;1.40
01/07/2021;04:23;01/07/2021;Dividendos AVGO. BROADCOM INC;0.77;2.17
01/07/2021;04:23;01/07/2021;Retenção Impostos sobre Dividendos GOOD. GLADSTONE COMMERCIAL CORP;-0.06;2.11
01/07/2021;04:23;01/07/2021;Dividendos TSLX. SIXTH STREET SPECIALTY LENDING;0.08;2.19
01/07/2021;04:23;01/07/2021;Retenção Impostos sobre Dividendos AVGO. BROADCOM INC;-0.23;1.96
01/07/2021;04:23;01/07/2021;Dividendos GOOD. GLADSTONE COMMERCIAL CORP;0.20;2.16
01/07/2021;04:23;01/07/2021;Retenção Impostos sobre Dividendos TSLX. SIXTH STREET SPECIALTY LENDING;-0.02;2.14
01/07/2021;04:23;01/07/2021;Dividendos IEP. ICAHN ENTERPRISES L P;1.40;3.54
01/07/2021;04:23;01/07/2021;Retenção Impostos sobre Dividendos ARCC. ARES CAPITAL CORPORATION;-0.38;3.16
01/07/2021;04:23;01/07/2021;Retenção Impostos sobre Dividendos IEP. ICAHN ENTERPRISES L P;-0.55;2.61
01/07/2021;04:23;01/07/2021;Dividendos ARCC. ARES CAPITAL CORPORATION;1.28;3.89
01/07/2021;13:08;01/07/2021;Retenção Impostos sobre Dividendos . Retencao Impostos sobre Dividendos;-1.40;2.49
01/07/2021;15:05;06/07/2021;Venda de 0.0185 MSFT a $ 270.75;5.01;7.50
06/07/2021;11:27;06/07/2021;Estorno Impostos sobre Dividendos;0.55;8.05
06/07/2021;14:19;08/07/2021;Venda de 0.00298 GOOGL a $ 2511.91;7.49;15.54
06/07/2021;14:21;08/07/2021;Compra de 0.27671 IEP a $ 56.16;-15.54;0.00
06/07/2021;14:22;08/07/2021;Venda de 0.30174 IEP a $ 56.08;16.92;16.92
06/07/2021;14:24;08/07/2021;Compra de 1.15181 PBFX a $ 14.69;-16.92;0.00
06/07/2021;14:27;08/07/2021;Venda de 0.2078 IIPR a $ 200.17;41.60;41.60
06/07/2021;14:28;08/07/2021;Compra de 0.61411 O a $ 67.74;-41.60;0.00
07/07/2021;09:24;07/07/2021;Câmbio Instantâneo : R$46.59;8.77;8.77
07/07/2021;10:46;09/07/2021;Venda de 0.0143 FB a $ 353.46;5.05;13.82
07/07/2021;10:48;09/07/2021;Venda de 0.0141 FB a $ 353.25;4.98;18.80
07/07/2021;11:24;09/07/2021;Compra de 0.6375 MPLX a $ 29.49;-18.80;0.00
12/07/2021;15:44;14/07/2021;Corretagem BPY;-1.00;-1.00
12/07/2021;15:44;14/07/2021;Venda de 2.6504 BPY a $ 18.91;50.12;49.12
12/07/2021;16:03;14/07/2021;Corretagem ORI;-1.00;48.12
12/07/2021;16:03;14/07/2021;Compra de 1.91106 ORI a $ 25.18;-48.12;0.00
15/07/2021;14:59;19/07/2021;Venda de 0.5485 NEE a $ 76.68;42.06;42.06
15/07/2021;14:59;19/07/2021;Corretagem NEE;-1.00;41.06
15/07/2021;15:08;19/07/2021;Corretagem UNH;-1.00;40.06
15/07/2021;15:08;19/07/2021;Compra de 0.09533 UNH a $ 420.2;-40.06;0.00
15/07/2021;15:13;19/07/2021;Venda de 0.115 UNH a $ 420.18;48.32;48.32
15/07/2021;15:13;19/07/2021;Corretagem UNH;-1.00;47.32
15/07/2021;15:14;19/07/2021;Compra de 1.26282 OHI a $ 36.68;-46.32;1.00
15/07/2021;15:14;19/07/2021;Corretagem OHI;-1.00;0.00
16/07/2021;04:39;16/07/2021;Dividendos PGR. PROGRESSIVE CORP-OHIO;0.09;0.09
16/07/2021;04:39;16/07/2021;Retenção Impostos sobre Dividendos IIPR. INNOVATIVE INDUSTRIAL;-0.09;0.00
16/07/2021;04:39;16/07/2021;Dividendos IIPR. INNOVATIVE INDUSTRIAL;0.29;0.29
16/07/2021;04:39;16/07/2021;Dividendos TSLX. SIXTH STREET SPECIALTY LENDING;0.57;0.86
16/07/2021;04:39;16/07/2021;Dividendos WPC. W P CAREY INC;0.51;1.37
16/07/2021;04:39;16/07/2021;Retenção Impostos sobre Dividendos WPC. W P CAREY INC;-0.15;1.22
16/07/2021;04:39;16/07/2021;Retenção Impostos sobre Dividendos PGR. PROGRESSIVE CORP-OHIO;-0.03;1.19
16/07/2021;04:39;16/07/2021;Retenção Impostos sobre Dividendos TSLX. SIXTH STREET SPECIALTY LENDING;-0.17;1.02
19/07/2021;14:03;19/07/2021;Câmbio Instantâneo : R$249.05;46.51;47.53
19/07/2021;14:07;21/07/2021;Compra de 1.33844 MPLX a $ 26.15;-35.00;12.53
19/07/2021;14:07;21/07/2021;Corretagem MPLX;-1.00;11.53
19/07/2021;14:07;21/07/2021;Compra de 0.8072 PBFX a $ 13.05;-10.53;1.00
19/07/2021;14:07;21/07/2021;Corretagem PBFX;-1.00;0.00
28/07/2021;10:57;28/07/2021;Câmbio Instantâneo : R$149.43;28.33;28.33
28/07/2021;11:00;30/07/2021;Corretagem HMLP;-1.00;27.33
28/07/2021;11:00;30/07/2021;Compra de 3.7 HMLP a $ 7.25;-26.83;0.50
29/07/2021;13:53;02/08/2021;Venda de 6.56694 HMLP a $ 5.78;37.97;38.47
29/07/2021;13:53;02/08/2021;Corretagem HMLP;-1.00;37.47
31/07/2021;07:42;02/08/2021;Retenção Impostos sobre Dividendos GOOD. GLADSTONE COMMERCIAL CORP;-0.06;37.41
31/07/2021;07:42;02/08/2021;Dividendos GOOD. GLADSTONE COMMERCIAL CORP;0.20;37.61
02/08/2021;09:12;02/08/2021;Câmbio Instantâneo : R$149.43;28.19;65.80
02/08/2021;10:31;04/08/2021;Venda de 0.22533 UNH a $ 413.23;93.11;158.91
02/08/2021;10:31;04/08/2021;Venda de 0.61411 O a $ 70.87;43.52;202.43
02/08/2021;10:32;04/08/2021;Venda de 1.91106 ORI a $ 24.96;47.70;250.13
02/08/2021;10:32;04/08/2021;Venda de 0.90534 PGR a $ 95.88;86.80;336.93
02/08/2021;10:32;04/08/2021;Venda de 0.3857 AMGN a $ 240.78;92.87;429.80
02/08/2021;10:41;04/08/2021;Compra de 3.72403 TSLX a $ 23.48;-87.44;342.36
02/08/2021;10:42;04/08/2021;Compra de 3.38119 ABR a $ 18.48;-62.48;279.88
02/08/2021;10:44;04/08/2021;Compra de 1.42582 GLPI a $ 48.33;-68.91;210.97
02/08/2021;10:59;04/08/2021;Compra de 3.5448 GOOD a $ 23.33;-82.69;128.28
02/08/2021;11:01;04/08/2021;Compra de 1.99837 OHI a $ 36.71;-73.36;54.92
02/08/2021;11:04;04/08/2021;Compra de 2.69338 ARCC a $ 20.02;-53.92;1.00
02/08/2021;11:04;04/08/2021;Corretagem ARCC;-1.00;0.00
03/08/2021;04:11;03/08/2021;Dividendos JPM. JPMORGAN CHASE & CO;0.57;0.57
03/08/2021;04:11;03/08/2021;Retenção Impostos sobre Dividendos JPM. JPMORGAN CHASE & CO;-0.17;0.40
14/08/2021;03:44;16/08/2021;Retenção Impostos sobre Dividendos OHI. OMEGA HEALTHCARE INVESTORS INC;-0.26;0.14
14/08/2021;03:44;16/08/2021;Dividendos OHI. OMEGA HEALTHCARE INVESTORS INC;0.85;0.99
14/08/2021;03:44;16/08/2021;Retenção Impostos sobre Dividendos MPLX. MPLX LP;-0.50;0.49
14/08/2021;03:44;16/08/2021;Dividendos MPLX. MPLX LP;1.36;1.85
14/08/2021;03:44;16/08/2021;Retenção Impostos sobre Dividendos O. REALTY INCOME CORP;-0.04;1.81
14/08/2021;03:44;16/08/2021;Dividendos O. REALTY INCOME CORP;0.14;1.95
27/08/2021;03:02;27/08/2021;Dividendos PBFX. PBF LOGISTICS LP;1.16;3.11
27/08/2021;03:02;27/08/2021;Retenção Impostos sobre Dividendos PBFX. PBF LOGISTICS LP;-0.43;2.68
01/09/2021;03:14;01/09/2021;Dividendos ABR. ARBOR REALTY TRUST INC;2.27;4.95
01/09/2021;03:14;01/09/2021;Dividendos GOOD. GLADSTONE COMMERCIAL CORP;0.64;5.59
01/09/2021;03:14;01/09/2021;Retenção Impostos sobre Dividendos ABR. ARBOR REALTY TRUST INC;-0.68;4.91
01/09/2021;03:14;01/09/2021;Retenção Impostos sobre Dividendos GOOD. GLADSTONE COMMERCIAL CORP;-0.19;4.72
01/09/2021;09:01;01/09/2021;Câmbio Instantâneo : R$199.24;37.68;42.40
01/09/2021;10:34;03/09/2021;Venda de 0.00876 GOOGL a $ 2910.51;25.50;67.90
01/09/2021;10:35;03/09/2021;Venda de 0.0733 CRM a $ 266.7;19.55;87.45
01/09/2021;10:36;03/09/2021;Venda de 0.07257 MSFT a $ 303.51;22.03;109.48
01/09/2021;10:37;03/09/2021;Venda de 0.43408 V a $ 229.65;99.69;209.17
01/09/2021;10:38;03/09/2021;Compra de 1.57285 PBFX a $ 12.18;-19.16;190.01
01/09/2021;10:38;03/09/2021;Compra de 5.90445 ET a $ 9.32;-55.00;135.01
01/09/2021;10:39;03/09/2021;Compra de 0.4471 ABBV a $ 120.71;-53.97;81.04
01/09/2021;10:39;03/09/2021;Compra de 2.96003 T a $ 27.38;-81.04;0.00
02/09/2021;04:11;02/09/2021;Retenção Impostos sobre Dividendos V. VISA INC;-0.04;-0.04
02/09/2021;04:11;02/09/2021;Dividendos V. VISA INC;0.14;0.10
10/09/2021;03:28;10/09/2021;Dividendos MSFT. MICROSOFT CORP;0.21;0.31
10/09/2021;03:28;10/09/2021;Retenção Impostos sobre Dividendos MSFT. MICROSOFT CORP;-0.06;0.25
13/09/2021;10:41;15/09/2021;Venda de 0.52633 DIS a $ 184.38;97.04;97.29
13/09/2021;10:42;15/09/2021;Compra de 4.35889 EPD a $ 22.32;-97.29;0.00
25/09/2021;04:23;27/09/2021;Retenção Impostos sobre Dividendos GLPI. GAMING & LEISURE PROPERTIES;-0.50;-0.50
25/09/2021;04:23;27/09/2021;Retenção Impostos sobre Dividendos ANTM. ANTHEM INC;-0.08;-0.58
25/09/2021;04:23;27/09/2021;Dividendos GLPI. GAMING & LEISURE PROPERTIES;1.67;1.09
25/09/2021;04:23;27/09/2021;Dividendos ANTM. ANTHEM INC;0.27;1.36
30/09/2021;12:58;01/10/2021;Câmbio Padrão : R$54.54;9.81;11.17
01/10/2021;02:50;01/10/2021;Dividendos ARCC. ARES CAPITAL CORPORATION;2.41;13.58
01/10/2021;02:50;01/10/2021;Retenção Impostos sobre Dividendos ARCC. ARES CAPITAL CORPORATION;-0.72;12.86
01/10/2021;02:50;01/10/2021;Retenção Impostos sobre Dividendos AVGO. BROADCOM INC;-0.23;12.63
01/10/2021;02:50;01/10/2021;Dividendos TSLX. SIXTH STREET SPECIALTY LENDING;0.10;12.73
01/10/2021;02:50;01/10/2021;Dividendos AVGO. BROADCOM INC;0.77;13.50
01/10/2021;02:50;01/10/2021;Retenção Impostos sobre Dividendos TSLX. SIXTH STREET SPECIALTY LENDING;-0.03;13.47
01/10/2021;02:50;01/10/2021;Dividendos GOOD. GLADSTONE COMMERCIAL CORP;0.64;14.11
01/10/2021;02:50;01/10/2021;Retenção Impostos sobre Dividendos GOOD. GLADSTONE COMMERCIAL CORP;-0.19;13.92
01/10/2021;10:52;05/10/2021;Venda de 0.24213 ANTM a $ 365.62;88.53;102.45
01/10/2021;10:58;05/10/2021;Venda de 0.08293 JPM a $ 164.72;13.66;116.11
01/10/2021;10:59;05/10/2021;Venda de 0.01773 AVGO a $ 482.64;8.56;124.67
01/10/2021;11:02;05/10/2021;Compra de 0.10915 ABBV a $ 107.83;-11.77;112.90
01/10/2021;11:03;05/10/2021;Compra de 0.94811 PFE a $ 42.19;-40.00;72.90
01/10/2021;11:03;05/10/2021;Compra de 3.04339 HTGC a $ 16.43;-50.00;22.90
01/10/2021;11:04;05/10/2021;Compra de 0.4111 OHI a $ 29.9;-12.29;10.61
01/10/2021;11:04;05/10/2021;Compra de 0.5003 GOOD a $ 21.21;-10.61;0.00
16/10/2021;04:23;18/10/2021;Dividendos TSLX. SIXTH STREET SPECIALTY LENDING;2.10;2.10
16/10/2021;04:23;18/10/2021;Retenção Impostos sobre Dividendos WPC. W P CAREY INC;-0.15;1.95
16/10/2021;04:23;18/10/2021;Retenção Impostos sobre Dividendos TSLX. SIXTH STREET SPECIALTY LENDING;-0.63;1.32
16/10/2021;04:23;18/10/2021;Dividendos WPC. W P CAREY INC;0.51;1.83
22/10/2021;10:59;26/10/2021;Venda de 0.033 AVGO a $ 518.69;17.12;18.95
22/10/2021;11:01;26/10/2021;Venda de 0.047 CRM a $ 291.15;13.68;32.63
30/10/2021;04:15;01/11/2021;Dividendos GOOD. GLADSTONE COMMERCIAL CORP;0.71;33.34
30/10/2021;04:15;01/11/2021;Retenção Impostos sobre Dividendos GOOD. GLADSTONE COMMERCIAL CORP;-0.21;33.13
01/11/2021;15:39;03/11/2021;Venda de 0.03893 MSFT a $ 328.4;12.78;45.91
01/11/2021;15:40;03/11/2021;Compra de 0.39323 T a $ 25.43;-10.00;35.91
01/11/2021;15:42;03/11/2021;Compra de 0.24443 VZ a $ 52.98;-12.95;22.96
01/11/2021;15:46;03/11/2021;Compra de 0.09972 ABBV a $ 115.22;-11.49;11.47
01/11/2021;15:47;03/11/2021;Compra de 0.26295 PFE a $ 43.62;-11.47;0.00
02/11/2021;04:15;02/11/2021;Retenção Impostos sobre Dividendos T. AT&T INC;-0.46;-0.46
02/11/2021;04:15;02/11/2021;Dividendos T. AT&T INC;1.54;1.08
02/11/2021;04:15;02/11/2021;Retenção Impostos sobre Dividendos JPM. JPMORGAN CHASE & CO;-0.17;0.91
02/11/2021;04:15;02/11/2021;Dividendos JPM. JPMORGAN CHASE & CO;0.55;1.46
05/11/2021;13:44;09/11/2021;Venda de 0.0042 AMZN a $ 3555.6;14.93;16.39
05/11/2021;13:53;09/11/2021;Compra de 0.32422 T a $ 25.26;-8.19;8.20
05/11/2021;13:54;09/11/2021;Compra de 0.15589 VZ a $ 52.6;-8.20;0.00
13/11/2021;07:17;15/11/2021;Retenção Impostos sobre Dividendos EPD. ENTERPRISE PRODUCTS PARTNERS;-0.73;-0.73
13/11/2021;07:17;15/11/2021;Dividendos EPD. ENTERPRISE PRODUCTS PARTNERS;1.96;1.23
16/11/2021;05:32;16/11/2021;Retenção Impostos sobre Dividendos ABBV. ABBVIE INC;-0.22;1.01
16/11/2021;05:32;16/11/2021;Dividendos ABBV. ABBVIE INC;0.72;1.73
16/11/2021;05:32;16/11/2021;Retenção Impostos sobre Dividendos OHI. OMEGA HEALTHCARE INVESTORS INC;-0.74;0.99
16/11/2021;05:33;16/11/2021;Dividendos OHI. OMEGA HEALTHCARE INVESTORS INC;2.46;3.45
18/11/2021;04:48;18/11/2021;Dividendos HTGC. HERCULES CAPITAL INC;1.22;4.67
18/11/2021;04:48;18/11/2021;Retenção Impostos sobre Dividendos HTGC. HERCULES CAPITAL INC;-0.37;4.30
18/11/2021;12:45;22/11/2021;Venda de 0.01581 AVGO a $ 570.97;9.03;13.33
18/11/2021;12:47;22/11/2021;Compra de 0.54541 T a $ 24.44;-13.33;0.00
20/11/2021;06:28;22/11/2021;Retenção Impostos sobre Dividendos MPLX. MPLX LP;-0.94;-0.94
20/11/2021;06:29;22/11/2021;Retenção Impostos sobre Dividendos ET. ENERGY TRANSFER LP;-0.33;-1.27
20/11/2021;06:29;22/11/2021;Dividendos ET. ENERGY TRANSFER LP;0.90;-0.37
20/11/2021;06:29;22/11/2021;Dividendos MPLX. MPLX LP;2.53;2.16
01/12/2021;04:32;01/12/2021;Dividendos PBFX. PBF LOGISTICS LP;1.63;3.79
01/12/2021;04:32;01/12/2021;Dividendos ABR. ARBOR REALTY TRUST INC;2.34;6.13
01/12/2021;04:32;01/12/2021;Retenção Impostos sobre Dividendos ABR. ARBOR REALTY TRUST INC;-0.70;5.43
01/12/2021;04:32;01/12/2021;Retenção Impostos sobre Dividendos GOOD. GLADSTONE COMMERCIAL CORP;-0.21;5.22
01/12/2021;04:32;01/12/2021;Dividendos GOOD. GLADSTONE COMMERCIAL CORP;0.71;5.93
01/12/2021;04:32;01/12/2021;Retenção Impostos sobre Dividendos PBFX. PBF LOGISTICS LP;-0.60;5.33
01/12/2021;12:25;03/12/2021;Compra de 0.10494 VZ a $ 50.79;-5.33;0.00
01/12/2021;12:27;03/12/2021;Venda de 0.00179 GOOGL a $ 2900.27;5.19;5.19
01/12/2021;12:28;03/12/2021;Compra de 0.22497 T a $ 23.07;-5.19;0.00
03/12/2021;12:33;03/12/2021;Câmbio Instantâneo : R$49.81;8.58;8.58
03/12/2021;12:37;07/12/2021;Compra de 0.07244 ABBV a $ 118.43;-8.58;0.00
07/12/2021;03:42;07/12/2021;Dividendos PFE. PFIZER INC;0.47;0.47
07/12/2021;03:42;07/12/2021;Retenção Impostos sobre Dividendos PFE. PFIZER INC;-0.14;0.33
07/12/2021;11:37;07/12/2021;Câmbio Instantâneo : R$144.52;24.97;25.30
07/12/2021;11:49;09/12/2021;Compra de 0.39282 EPD a $ 21.46;-8.43;16.87
07/12/2021;11:49;09/12/2021;Compra de 1.01942 ET a $ 8.27;-8.43;8.44
07/12/2021;11:50;09/12/2021;Compra de 0.70216 PBFX a $ 12.02;-8.44;0.00
10/12/2021;03:20;10/12/2021;Dividendos MSFT. MICROSOFT CORP;0.16;0.16
10/12/2021;03:20;10/12/2021;Retenção Impostos sobre Dividendos MSFT. MICROSOFT CORP;-0.05;0.11
10/12/2021;14:29;14/12/2021;Venda de 0.01384 AVGO a $ 630.15;8.72;8.83
10/12/2021;14:31;14/12/2021;Compra de 0.38575 T a $ 22.89;-8.83;0.00
20/12/2021;13:20;20/12/2021;Câmbio Instantâneo : R$74.72;12.73;12.73
20/12/2021;13:25;22/12/2021;Compra de 1.18545 PBFX a $ 10.74;-12.73;0.00
21/12/2021;04:57;21/12/2021;Retenção Impostos sobre Dividendos TSLX. SIXTH STREET SPECIALTY LENDING;-0.77;-0.77
21/12/2021;04:57;21/12/2021;Dividendos TSLX. SIXTH STREET SPECIALTY LENDING;2.56;1.79
24/12/2021;05:35;27/12/2021;Dividendos GLPI. GAMING & LEISURE PROPERTIES;1.67;3.46
24/12/2021;05:35;27/12/2021;Retenção Impostos sobre Dividendos GLPI. GAMING & LEISURE PROPERTIES;-0.50;2.96
31/12/2021;05:39;31/12/2021;Retenção Impostos sobre Dividendos ARCC. ARES CAPITAL CORPORATION;-0.72;2.24
31/12/2021;05:39;31/12/2021;Dividendos ARCC. ARES CAPITAL CORPORATION;2.41;4.65
01/01/2022;04:57;03/01/2022;Retenção Impostos sobre Dividendos GOOD. GLADSTONE COMMERCIAL CORP;-0.21;4.44
01/01/2022;04:57;03/01/2022;Retenção Impostos sobre Dividendos TSLX. SIXTH STREET SPECIALTY LENDING;-0.11;4.33
01/01/2022;04:57;03/01/2022;Dividendos AVGO. BROADCOM INC;0.55;4.88
01/01/2022;04:57;03/01/2022;Dividendos TSLX. SIXTH STREET SPECIALTY LENDING;0.36;5.24
01/01/2022;04:57;03/01/2022;Retenção Impostos sobre Dividendos AVGO. BROADCOM INC;-0.17;5.07
01/01/2022;04:57;03/01/2022;Dividendos GOOD. GLADSTONE COMMERCIAL CORP;0.71;5.78
03/01/2022;12:04;05/01/2022;Venda de 0.0149 FB a $ 340.51;5.07;10.85
03/01/2022;12:15;05/01/2022;Compra de 0.03713 ABBV a $ 134.64;-5.00;5.85
03/01/2022;12:16;05/01/2022;Compra de 0.112 VZ a $ 52.23;-5.85;0.00
08/01/2022;04:02;10/01/2022;Retenção Impostos sobre Dividendos GLPI. GAMING & LEISURE PROPERTIES;-0.18;-0.18
08/01/2022;04:02;10/01/2022;Dividendos GLPI. GAMING & LEISURE PROPERTIES;0.60;0.42
15/01/2022;04:35;18/01/2022;Dividendos WPC. W P CAREY INC;0.52;0.94
15/01/2022;04:35;18/01/2022;Retenção Impostos sobre Dividendos WPC. W P CAREY INC;-0.16;0.78
15/01/2022;04:35;18/01/2022;Retenção Impostos sobre Dividendos TSLX. SIXTH STREET SPECIALTY LENDING;-0.63;0.15
15/01/2022;04:35;18/01/2022;Dividendos TSLX. SIXTH STREET SPECIALTY LENDING;2.10;2.25
24/01/2022;14:39;24/01/2022;Câmbio Instantâneo : R$143.64;25.36;27.61
24/01/2022;14:42;26/01/2022;Compra de 0.00219 AMZN a $ 2732.35;-5.98;21.63
24/01/2022;14:45;26/01/2022;Compra de 0.01707 FB a $ 292.88;-5.00;16.63
24/01/2022;14:47;26/01/2022;Compra de 0.41736 PBFX a $ 11.98;-5.00;11.63
24/01/2022;14:48;26/01/2022;Compra de 0.56818 ET a $ 8.8;-5.00;6.63
24/01/2022;14:50;26/01/2022;Compra de 0.0314 CRM a $ 211.11;-6.63;-0.00
01/02/2022;04:13;01/02/2022;Retenção Impostos sobre Dividendos JPM. JPMORGAN CHASE & CO;-0.17;-0.17
01/02/2022;04:13;01/02/2022;Dividendos GOOD. GLADSTONE COMMERCIAL CORP;0.71;0.54
01/02/2022;04:13;01/02/2022;Retenção Impostos sobre Dividendos GOOD. GLADSTONE COMMERCIAL CORP;-0.21;0.33
01/02/2022;04:13;01/02/2022;Dividendos JPM. JPMORGAN CHASE & CO;0.55;0.88
02/02/2022;04:42;02/02/2022;Dividendos T. AT&T INC;2.51;3.39
02/02/2022;04:42;02/02/2022;Retenção Impostos sobre Dividendos VZ. VERIZON COMMUNICATIONS;-0.12;3.27
02/02/2022;04:42;02/02/2022;Retenção Impostos sobre Dividendos T. AT&T INC;-0.75;2.52
02/02/2022;04:43;02/02/2022;Dividendos VZ. VERIZON COMMUNICATIONS;0.40;2.92
02/02/2022;11:48;04/02/2022;Venda de 0.00235 GOOGL a $ 2970.86;6.98;9.90
02/02/2022;11:48;04/02/2022;Venda de 0.02168 FB a $ 322.18;6.98;16.88
02/02/2022;11:51;04/02/2022;Compra de 0.13811 KO a $ 61.11;-8.44;8.44
02/02/2022;11:52;04/02/2022;Compra de 0.05235 PG a $ 161.21;-8.44;NaN
03/02/2022;11:56;03/02/2022;Câmbio Instantâneo : R$149.44;27.43;27.43
03/02/2022;11:57;07/02/2022;Compra de 0.07162 FB a $ 243.5;-17.44;9.99
03/02/2022;12:12;07/02/2022;Compra de 0.00353 AMZN a $ 2800.91;-9.89;0.10
12/02/2022;06:16;14/02/2022;Retenção Impostos sobre Dividendos EPD. ENTERPRISE PRODUCTS PARTNERS;-0.82;-0.72
12/02/2022;06:16;14/02/2022;Dividendos EPD. ENTERPRISE PRODUCTS PARTNERS;2.21;1.49
15/02/2022;03:46;15/02/2022;Retenção Impostos sobre Dividendos MPLX. MPLX LP;-0.51;0.98
15/02/2022;03:46;15/02/2022;Dividendos MPLX. MPLX LP;1.39;2.37
16/02/2022;04:14;16/02/2022;Retenção Impostos sobre Dividendos OHI. OMEGA HEALTHCARE INVESTORS INC;-0.74;1.63
16/02/2022;04:14;16/02/2022;Retenção Impostos sobre Dividendos ABBV. ABBVIE INC;-0.32;1.31
16/02/2022;04:14;16/02/2022;Dividendos OHI. OMEGA HEALTHCARE INVESTORS INC;2.46;3.77
16/02/2022;04:14;16/02/2022;Dividendos ABBV. ABBVIE INC;1.08;4.85
19/02/2022;05:36;22/02/2022;Dividendos ET. ENERGY TRANSFER LP;1.31;6.16
19/02/2022;05:36;22/02/2022;Retenção Impostos sobre Dividendos ET. ENERGY TRANSFER LP;-0.48;5.68
23/02/2022;19:42;23/02/2022;AJUSTE Estorno Retencao Impostos Div - WPC - 15/10/21;0.01;5.69
23/02/2022;19:42;23/02/2022;AJUSTE Estorno Retencao Impostos Div - OHI - 13/08/21;0.06;5.75
23/02/2022;19:42;23/02/2022;AJUSTE Estorno Retencao Impostos Div - WPC - 15/07/21;0.01;5.76
23/02/2022;19:42;23/02/2022;AJUSTE Estorno Retencao Impostos Div - HTGC - 17/11/21;0.36;6.12
23/02/2022;19:42;23/02/2022;AJUSTE Estorno Retencao Impostos Div - OHI - 15/11/21;0.16;6.28
23/02/2022;19:42;23/02/2022;AJUSTE Estorno Retencao Impostos Div - WPC - 15/10/21;0.02;6.30
23/02/2022;19:42;23/02/2022;AJUSTE Estorno Retencao Impostos Div - GLPI - 23/12/21;0.01;6.31
23/02/2022;19:42;23/02/2022;AJUSTE Estorno Retencao Impostos Div - O - 13/08/21;0.03;6.34
23/02/2022;19:42;23/02/2022;AJUSTE Estorno Retencao Impostos Div - WPC - 15/07/21;0.02;6.36
23/02/2022;19:42;23/02/2022;AJUSTE Estorno Retencao Impostos Div - GLPI - 7/01/22;0.10;6.46
23/02/2022;19:42;23/02/2022;AJUSTE Estorno Retencao Impostos Div - GLPI - 24/09/21;0.01;6.47
23/02/2022;19:42;23/02/2022;AJUSTE Estorno Retencao Impostos Div - OHI - 15/11/21;0.03;6.50
23/02/2022;19:42;23/02/2022;AJUSTE Estorno Retencao Impostos Div - OHI - 13/08/21;0.01;6.51
23/02/2022;19:42;23/02/2022;AJUSTE Estorno Retencao Impostos Div - GLPI - 7/01/22;0.05;6.56
24/02/2022;09:05;24/02/2022;Câmbio Instantâneo : R$90.61;17.49;24.05
24/02/2022;11:47;28/02/2022;Compra de 0.43725 T a $ 22.87;-10.00;14.05
24/02/2022;11:51;28/02/2022;Compra de 0.03589 FB a $ 195.59;-7.02;7.03
24/02/2022;11:52;28/02/2022;Compra de 0.34362 GOOD a $ 20.46;-7.03;-0.00
01/03/2022;06:25;01/03/2022;Retenção Impostos sobre Dividendos GOOD. GLADSTONE COMMERCIAL CORP;-0.21;-0.21
01/03/2022;06:25;01/03/2022;Dividendos GOOD. GLADSTONE COMMERCIAL CORP;0.71;0.50
05/03/2022;05:12;07/03/2022;Retenção Impostos sobre Dividendos PFE. PFIZER INC;-0.14;0.36
05/03/2022;05:12;07/03/2022;Dividendos PFE. PFIZER INC;0.48;0.84
11/03/2022;04:04;11/03/2022;Dividendos PBFX. PBF LOGISTICS LP;2.32;3.16
11/03/2022;04:04;11/03/2022;Dividendos MSFT. MICROSOFT CORP;0.16;3.32
11/03/2022;04:04;11/03/2022;Retenção Impostos sobre Dividendos PBFX. PBF LOGISTICS LP;-0.86;2.46
11/03/2022;04:04;11/03/2022;Retenção Impostos sobre Dividendos MSFT. MICROSOFT CORP;-0.05;2.41
15/03/2022;12:47;17/03/2022;Venda de 0.01681 AVGO a $ 595.59;10.01;12.42
15/03/2022;12:48;17/03/2022;Compra de 0.04141 PG a $ 149.94;-6.21;6.21
15/03/2022;12:49;17/03/2022;Compra de 0.10397 KO a $ 59.73;-6.21;-0.00
17/03/2022;03:47;17/03/2022;Retenção Impostos sobre Dividendos HTGC. HERCULES CAPITAL INC;-0.44;-0.44
17/03/2022;03:47;17/03/2022;Dividendos HTGC. HERCULES CAPITAL INC;1.46;1.02
17/03/2022;16:25;21/03/2022;Venda de 0.03162 ABBV a $ 157.97;5.00;6.02
17/03/2022;16:30;21/03/2022;Venda de 0.0928 PFE a $ 53.87;5.00;11.02
17/03/2022;16:31;21/03/2022;Compra de 0.05334 FB a $ 206.39;-11.01;0.01
19/03/2022;05:02;21/03/2022;Retenção Impostos sobre Dividendos ABR. ARBOR REALTY TRUST INC;-0.72;-0.71
19/03/2022;05:02;21/03/2022;Dividendos ABR. ARBOR REALTY TRUST INC;2.40;1.69
22/03/2022;12:17;24/03/2022;Venda de 0.00248 AMZN a $ 3314.99;8.22;9.91
22/03/2022;12:19;24/03/2022;Venda de 0.00185 GOOGL a $ 2810.7;5.20;15.11
22/03/2022;12:21;24/03/2022;Venda de 0.02875 MSFT a $ 304.75;8.76;23.87
22/03/2022;12:35;24/03/2022;Compra de 0.15798 PG a $ 151.09;-23.87;-0.00
26/03/2022;03:06;28/03/2022;Dividendos GLPI. GAMING & LEISURE PROPERTIES;1.72;1.72
26/03/2022;03:06;28/03/2022;Retenção Impostos sobre Dividendos GLPI. GAMING & LEISURE PROPERTIES;-0.52;1.20
01/04/2022;03:04;01/04/2022;Dividendos ARCC. ARES CAPITAL CORPORATION;2.65;3.85
01/04/2022;03:05;01/04/2022;Retenção Impostos sobre Dividendos GOOD. GLADSTONE COMMERCIAL CORP;-0.23;3.62
01/04/2022;03:05;01/04/2022;Retenção Impostos sobre Dividendos AVGO. BROADCOM INC;-0.14;3.48
01/04/2022;03:05;01/04/2022;Dividendos TSLX. SIXTH STREET SPECIALTY LENDING;0.56;4.04
01/04/2022;03:05;01/04/2022;Dividendos GOOD. GLADSTONE COMMERCIAL CORP;0.75;4.79
01/04/2022;03:05;01/04/2022;Dividendos AVGO. BROADCOM INC;0.48;5.27
01/04/2022;03:05;01/04/2022;Retenção Impostos sobre Dividendos TSLX. SIXTH STREET SPECIALTY LENDING;-0.17;5.10
01/04/2022;03:05;01/04/2022;Retenção Impostos sobre Dividendos ARCC. ARES CAPITAL CORPORATION;-0.80;4.30
02/04/2022;03:50;04/04/2022;Retenção Impostos sobre Dividendos KO. COCA COLA COMPANY;-0.02;4.28
02/04/2022;03:50;04/04/2022;Dividendos KO. COCA COLA COMPANY;0.06;4.34
04/04/2022;13:35;06/04/2022;Venda de 0.00299 AMZN a $ 3345.74;10.00;14.34
04/04/2022;13:40;06/04/2022;Compra de 0.0946 WMT a $ 151.58;-14.34;-0.00
14/04/2022;11:31;19/04/2022;Venda de 1.27511 WBD a $ 26.01;33.17;33.17
14/04/2022;11:32;19/04/2022;Compra de 1.70715 T a $ 19.43;-33.17;NaN
14/04/2022;11:37;19/04/2022;Venda de 0.18832 EPD a $ 26.61;5.01;5.01
14/04/2022;11:39;19/04/2022;Venda de 0.43782 ET a $ 11.42;5.00;10.01
14/04/2022;11:40;19/04/2022;Compra de 0.03188 WMT a $ 156.81;-5.00;5.01
14/04/2022;11:41;19/04/2022;Compra de 0.0768 KO a $ 65.23;-5.01;NaN
15/04/2022;04:38;18/04/2022;Dividendos WPC. W P CAREY INC;0.52;0.52
15/04/2022;04:38;18/04/2022;Retenção Impostos sobre Dividendos WPC. W P CAREY INC;-0.16;0.36
19/04/2022;02:54;19/04/2022;Dividendos TSLX. SIXTH STREET SPECIALTY LENDING;2.10;2.46
19/04/2022;02:54;19/04/2022;Retenção Impostos sobre Dividendos TSLX. SIXTH STREET SPECIALTY LENDING;-0.63;1.83
30/04/2022;04:23;02/05/2022;Retenção Impostos sobre Dividendos GOOD. GLADSTONE COMMERCIAL CORP;-0.23;1.60
30/04/2022;04:23;02/05/2022;Dividendos GOOD. GLADSTONE COMMERCIAL CORP;0.75;2.35
03/05/2022;03:02;03/05/2022;Retenção Impostos sobre Dividendos VZ. VERIZON COMMUNICATIONS;-0.12;2.23
03/05/2022;03:03;03/05/2022;Dividendos JPM. JPMORGAN CHASE & CO;0.55;2.78
03/05/2022;03:03;03/05/2022;Retenção Impostos sobre Dividendos JPM. JPMORGAN CHASE & CO;-0.17;2.61
03/05/2022;03:03;03/05/2022;Retenção Impostos sobre Dividendos T. AT&T INC;-0.44;2.17
03/05/2022;03:03;03/05/2022;Dividendos VZ. VERIZON COMMUNICATIONS;0.40;2.57
03/05/2022;03:03;03/05/2022;Dividendos T. AT&T INC;1.46;4.03
13/05/2022;03:17;13/05/2022;Retenção Impostos sobre Dividendos EPD. ENTERPRISE PRODUCTS PARTNERS;-0.78;3.25
13/05/2022;03:17;13/05/2022;Dividendos EPD. ENTERPRISE PRODUCTS PARTNERS;2.12;5.37
13/05/2022;13:53;17/05/2022;Compra de 0.03647 WMT a $ 147.23;-5.37;NaN
14/05/2022;04:51;16/05/2022;Retenção Impostos sobre Dividendos OHI. OMEGA HEALTHCARE INVESTORS INC;-0.74;-0.74
14/05/2022;04:51;16/05/2022;Retenção Impostos sobre Dividendos MPLX. MPLX LP;-0.51;-1.25
14/05/2022;04:51;16/05/2022;Dividendos OHI. OMEGA HEALTHCARE INVESTORS INC;2.46;1.21
14/05/2022;04:51;16/05/2022;Dividendos MPLX. MPLX LP;1.39;2.60
17/05/2022;05:21;17/05/2022;Dividendos ABBV. ABBVIE INC;1.03;3.63
17/05/2022;05:21;17/05/2022;Dividendos PG. PROCTER & GAMBLE CO;0.23;3.86
17/05/2022;05:21;17/05/2022;Retenção Impostos sobre Dividendos ABBV. ABBVIE INC;-0.31;3.55
17/05/2022;05:21;17/05/2022;Retenção Impostos sobre Dividendos PG. PROCTER & GAMBLE CO;-0.07;3.48
20/05/2022;03:28;20/05/2022;Retenção Impostos sobre Dividendos ET. ENERGY TRANSFER LP;-0.52;2.96
20/05/2022;03:28;20/05/2022;Dividendos ET. ENERGY TRANSFER LP;1.41;4.37
25/05/2022;03:54;25/05/2022;Retenção Impostos sobre Dividendos HTGC. HERCULES CAPITAL INC;-0.44;3.93
25/05/2022;03:54;25/05/2022;Dividendos HTGC. HERCULES CAPITAL INC;1.46;5.39
27/05/2022;03:08;27/05/2022;Retenção Impostos sobre Dividendos PBFX. PBF LOGISTICS LP;-0.86;4.53
27/05/2022;03:08;27/05/2022;Dividendos PBFX. PBF LOGISTICS LP;2.32;6.85
27/05/2022;10:55;01/06/2022;Compra de 0.05389 WMT a $ 127.11;-6.85;NaN
01/06/2022;03:22;01/06/2022;Dividendos GOOD. GLADSTONE COMMERCIAL CORP;0.75;0.75
01/06/2022;03:22;01/06/2022;Retenção Impostos sobre Dividendos WMT. WALMART INC;-0.02;0.73
01/06/2022;03:22;01/06/2022;Retenção Impostos sobre Dividendos ABR. ARBOR REALTY TRUST INC;-0.74;-0.01
01/06/2022;03:22;01/06/2022;Retenção Impostos sobre Dividendos GOOD. GLADSTONE COMMERCIAL CORP;-0.23;-0.24
01/06/2022;03:22;01/06/2022;Dividendos ABR. ARBOR REALTY TRUST INC;2.47;2.23
01/06/2022;03:22;01/06/2022;Dividendos WMT. WALMART INC;0.07;2.30
07/06/2022;13:45;09/06/2022;Venda de 0.288 PBFX a $ 17.41;5.01;7.31
07/06/2022;13:45;09/06/2022;Venda de 0.18 EPD a $ 28.27;5.09;12.40
07/06/2022;13:46;09/06/2022;Compra de 0.07959 KO a $ 62.82;-5.00;7.40
07/06/2022;13:48;09/06/2022;Compra de 0.52744 HTGC a $ 14.03;-7.40;-0.00
10/06/2022;03:05;10/06/2022;Dividendos MSFT. MICROSOFT CORP;0.14;0.14
10/06/2022;03:05;10/06/2022;Retenção Impostos sobre Dividendos MSFT. MICROSOFT CORP;-0.04;0.10
11/06/2022;03:25;13/06/2022;Dividendos PFE. PFIZER INC;0.45;0.55
11/06/2022;03:25;13/06/2022;Retenção Impostos sobre Dividendos PFE. PFIZER INC;-0.14;0.41
13/06/2022;12:21;13/06/2022;Câmbio Instantâneo : R$49.81;9.50;9.91
13/06/2022;12:23;15/06/2022;Compra de 0.08254 WMT a $ 120.06;-9.91;-0.00
25/06/2022;03:39;27/06/2022;Retenção Impostos sobre Dividendos GLPI. GAMING & LEISURE PROPERTIES;-0.53;-0.53
25/06/2022;03:39;27/06/2022;Dividendos GLPI. GAMING & LEISURE PROPERTIES;1.75;1.22
28/06/2022;16:17;29/06/2022;Câmbio Padrão : R$109.58;20.39;21.61
28/06/2022;16:19;30/06/2022;Venda de 0.4891 WPC a $ 86.31;42.21;63.82
28/06/2022;16:26;30/06/2022;Compra de 1.11607 ABR a $ 13.44;-15.00;48.82
28/06/2022;16:27;30/06/2022;Compra de 0.80775 TSLX a $ 18.57;-15.00;33.82
28/06/2022;16:29;30/06/2022;Compra de 0.71209 GOOD a $ 18.86;-13.43;20.39
01/07/2022;03:24;01/07/2022;Retenção Impostos sobre Dividendos ARCC. ARES CAPITAL CORPORATION;-0.80;19.59
01/07/2022;03:24;01/07/2022;Dividendos AVGO. BROADCOM INC;0.48;20.07
01/07/2022;03:24;01/07/2022;Dividendos GOOD. GLADSTONE COMMERCIAL CORP;0.75;20.82
01/07/2022;03:24;01/07/2022;Retenção Impostos sobre Dividendos AVGO. BROADCOM INC;-0.14;20.68
01/07/2022;03:24;01/07/2022;Dividendos ARCC. ARES CAPITAL CORPORATION;2.65;23.33
01/07/2022;03:27;01/07/2022;Retenção Impostos sobre Dividendos GOOD. GLADSTONE COMMERCIAL CORP;-0.23;23.10
01/07/2022;03:27;01/07/2022;Dividendos TSLX. SIXTH STREET SPECIALTY LENDING;0.20;23.30
01/07/2022;03:27;01/07/2022;Retenção Impostos sobre Dividendos TSLX. SIXTH STREET SPECIALTY LENDING;-0.06;23.24
01/07/2022;10:46;06/07/2022;Venda de 0.65 PBFX a $ 15.33;9.96;33.20
01/07/2022;10:47;06/07/2022;Venda de 0.25 EPD a $ 24.43;6.11;39.31
01/07/2022;10:53;06/07/2022;Venda de 0.357 PBFX a $ 15.42;5.50;44.81
01/07/2022;11:13;06/07/2022;Compra de 0.85809 HTGC a $ 13.5;-11.58;33.23
01/07/2022;11:20;06/07/2022;Compra de 0.30872 APAM a $ 35.63;-11.00;22.23
01/07/2022;11:21;06/07/2022;Compra de 0.5911 STWD a $ 20.69;-12.23;10.00
01/07/2022;11:22;06/07/2022;Compra de 0.99207 GLAD a $ 10.08;-10.00;0.00
02/07/2022;03:30;05/07/2022;Dividendos KO. COCA COLA COMPANY;0.18;0.18
02/07/2022;03:30;05/07/2022;Retenção Impostos sobre Dividendos KO. COCA COLA COMPANY;-0.05;0.13
16/07/2022;04:44;18/07/2022;Retenção Impostos sobre Dividendos TSLX. SIXTH STREET SPECIALTY LENDING;-0.63;-0.50
16/07/2022;04:44;18/07/2022;Dividendos TSLX. SIXTH STREET SPECIALTY LENDING;2.10;1.60
30/07/2022;03:21;01/08/2022;Dividendos GLAD. GLADSTONE CAPITAL CORP;0.07;1.67
30/07/2022;03:21;01/08/2022;Retenção Impostos sobre Dividendos GLAD. GLADSTONE CAPITAL CORP;-0.02;1.65
30/07/2022;03:21;01/08/2022;Retenção Impostos sobre Dividendos GOOD. GLADSTONE COMMERCIAL CORP;-0.25;1.40
30/07/2022;03:21;01/08/2022;Dividendos GOOD. GLADSTONE COMMERCIAL CORP;0.84;2.24
02/08/2022;03:20;02/08/2022;Retenção Impostos sobre Dividendos T. AT&T INC;-0.58;1.66
02/08/2022;03:20;02/08/2022;Dividendos T. AT&T INC;1.94;3.60
02/08/2022;03:23;02/08/2022;Retenção Impostos sobre Dividendos VZ. VERIZON COMMUNICATIONS;-0.12;3.48
02/08/2022;03:23;02/08/2022;Retenção Impostos sobre Dividendos JPM. JPMORGAN CHASE & CO;-0.17;3.31
02/08/2022;03:23;02/08/2022;Dividendos VZ. VERIZON COMMUNICATIONS;0.40;3.71
02/08/2022;03:23;02/08/2022;Dividendos JPM. JPMORGAN CHASE & CO;0.55;4.26
13/08/2022;03:12;15/08/2022;Retenção Impostos sobre Dividendos EPD. ENTERPRISE PRODUCTS PARTNERS;-0.73;3.53
13/08/2022;03:12;15/08/2022;Retenção Impostos sobre Dividendos MPLX. MPLX LP;-0.51;3.02
13/08/2022;03:12;15/08/2022;Dividendos MPLX. MPLX LP;1.39;4.41
13/08/2022;03:12;15/08/2022;Dividendos EPD. ENTERPRISE PRODUCTS PARTNERS;1.96;6.37